<?xml version="1.0" encoding="utf-8"?>
<record xmlns="http://www.loc.gov/MARC21/slim" xmlns:xsi="http://www.w3.org/2001/XMLSchema-instance" xsi:schemaLocation="http://www.loc.gov/MARC21/slim http://www.loc.gov/standards/marcxml/schema/MARC21slim.xsd">
	<leader>     nam a22        4500</leader>
	<controlfield tag="001">b11479486</controlfield>
	<controlfield tag="003">UaCaAUL</controlfield>
	<controlfield tag="006">m        d        </controlfield>
	<controlfield tag="007">cr cn |||m|||a</controlfield>
	<controlfield tag="008">170928s1904    le      oi    000 0 ara d</controlfield>
	<datafield ind1=" " ind2=" " tag="040">
		<subfield code="a">NNU</subfield>
		<subfield code="b">eng</subfield>
		<subfield code="e">rda</subfield>
		<subfield code="c">NNU</subfield>
	</datafield>
	<datafield ind1=" " ind2=" " tag="066">
		<subfield code="c">(3</subfield>
	</datafield>
	<datafield ind1=" " ind2="4" tag="050">
		<subfield code="a">BP133</subfield>
		<subfield code="b">.H37 1904</subfield>
	</datafield>
	<datafield ind1="1" ind2=" " tag="100">
		<subfield code="6">880-01</subfield>
		<subfield code="a">Maqdisī, ʻAlamīʹzādah Fayḍ Allāh al-Ḥasanī.</subfield>
	</datafield>
	<datafield ind1="1" ind2="0" tag="245">
		<subfield code="6">880-02</subfield>
		<subfield code="a">Fatḥ al-Raḥmān li-ṭālib āyāt al-Qurʼān /</subfield>
		<subfield code="c">tartīb ʻAlamī Zādah Fayḍ Allāh &quot;al-Ḥasanī&quot; al-Maqdisī mudīr bayt al-laḥm &quot;al-sābiq&quot;.</subfield>
	</datafield>
	<datafield ind1=" " ind2=" " tag="260">
		<subfield code="6">880-03</subfield>
		<subfield code="a">Bayrūt, Lubnān :</subfield>
		<subfield code="b">Dār al-Kutub al-ʻIlmīyah,</subfield>
		<subfield code="c">1322 [1904]</subfield>
	</datafield>
	<datafield ind1=" " ind2=" " tag="300">
		<subfield code="a">online resource (10, 487, 10 pages)</subfield>
	</datafield>
	<datafield ind1=" " ind2=" " tag="336">
		<subfield code="a">text</subfield>
		<subfield code="2">rdacontent</subfield>
	</datafield>
	<datafield ind1=" " ind2=" " tag="337">
		<subfield code="a">computer</subfield>
		<subfield code="2">rdamedia</subfield>
	</datafield>
	<datafield ind1=" " ind2=" " tag="338">
		<subfield code="a">online resource</subfield>
		<subfield code="2">rdacarrier</subfield>
	</datafield>
	<datafield ind1=" " ind2=" " tag="500">
		<subfield code="6">880-04</subfield>
		<subfield code="a">Waqafa ʻalá ṭabʻihi wa-muqābalatihi al-faqīr Aḥmad ibn Ḥasan Ṭabārah ṣāḥib al-Maṭbaʻah al-Ahlīyah wa-muḥarrir jarīdat thamarāt al-funūn bi-muʻāwanat baʻḍ al-mutqinīn min ḥafaẓat al-kitāb al-ʻazīz.</subfield>
	</datafield>
	<datafield ind1=" " ind2=" " tag="500">
		<subfield code="6">880-05</subfield>
		<subfield code="a">Bi-rukhṣat Niẓārat al-Maʻārif al-jalīlah nūmirū 506/873 wa-tārīkh 10 Shaʻbān sanat 1322 wa-6 Tishrīn Awwal sanat 1320.</subfield>
	</datafield>
	<datafield ind1=" " ind2=" " tag="500">
		<subfield code="a">Part of the Arabic Collections Online (ACO) project, contributed by American University in Cairo Library.</subfield>
	</datafield>
	<datafield ind1=" " ind2=" " tag="533">
		<subfield code="a">Electronic reproduction.</subfield>
		<subfield code="b">New York, N.Y. :</subfield>
		<subfield code="c">New York University,</subfield>
		<subfield code="d">2017.</subfield>
		<subfield code="5">NNU</subfield>
	</datafield>
	<datafield ind1="0" ind2="0" tag="630">
		<subfield code="a">Qurʼan</subfield>
		<subfield code="v">Concordances, Arabic.</subfield>
	</datafield>
	<datafield ind1="0" ind2="7" tag="630">
		<subfield code="a">Qurʼan.</subfield>
		<subfield code="2">fast</subfield>
		<subfield code="0">(OCoLC)fst01842877</subfield>
	</datafield>
	<datafield ind1=" " ind2="7" tag="655">
		<subfield code="a">Concordances.</subfield>
		<subfield code="2">fast</subfield>
		<subfield code="0">(OCoLC)fst01423768</subfield>
	</datafield>
	<datafield ind1="2" ind2=" " tag="710">
		<subfield code="a">American University in Cairo.</subfield>
		<subfield code="b">Library.</subfield>
	</datafield>
	<datafield ind1="0" ind2=" " tag="730">
		<subfield code="a">Arabic Collections Online.</subfield>
	</datafield>
	<datafield ind1="0" ind2="8" tag="776">
		<subfield code="i">Online version:</subfield>
		<subfield code="a">Maqdisī, ʻAlamīʹzādah Fayḍ Allāh al-Ḥasanī.</subfield>
		<subfield code="t">Fatḥ al-Raḥmān li-ṭālib āyāt al-Qurʼān.</subfield>
		<subfield code="d">Bayrūt : al-Maṭbaʻah al-Ahlīyah, 1322 [1904 or 1905]</subfield>
		<subfield code="w">(OCoLC)551298895</subfield>
	</datafield>
	<datafield ind1="0" ind2="8" tag="776">
		<subfield code="i">Print version:</subfield>
		<subfield code="a">Maqdisī, ʻAlamīʹzādah Fayḍ Allāh al-Ḥasanī.</subfield>
		<subfield code="t">Fatḥ al-Raḥmān li-ṭālib āyāt al-Qurʼān</subfield>
		<subfield code="w">(UaCaAUL)b11479486</subfield>
		<subfield code="w">(OCoLC)26842828</subfield>
	</datafield>
	<datafield ind1="4" ind2="0" tag="856">
		<subfield code="u">http://hdl.handle.net/2333.1/6q573tc8</subfield>
	</datafield>
	<datafield ind1="1" ind2=" " tag="880">
		<subfield code="6">100-01/(3/r</subfield>
		<subfield code="a">مقدسي، علميزادة فيض الله الحسني.</subfield>
	</datafield>
	<datafield ind1="1" ind2="0" tag="880">
		<subfield code="6">245-02/(3/r</subfield>
		<subfield code="a">فتح الرحمن لطالب آيات القرآن /</subfield>
		<subfield code="c">ترتيب علمي زادة فيض الله &quot;لحسني&quot; المقدسي مدير بيت اللحم &quot;السابق&quot;.</subfield>
	</datafield>
	<datafield ind1=" " ind2=" " tag="880">
		<subfield code="6">260-03/(3/r</subfield>
		<subfield code="a">بيروت، لبنان :</subfield>
		<subfield code="b">دار الكتب العلمية،</subfield>
		<subfield code="c">1322 [1904]</subfield>
	</datafield>
	<datafield ind1=" " ind2=" " tag="880">
		<subfield code="6">500-04/(3/r</subfield>
		<subfield code="a">وقف على طبعه ومقابلته الفقير احمد بن حسن طبارة صاحب المطبعة الاهلية ومحرر جريدة ثمرات الفنون بمعاونة بعض المتقنين من حفظة الكتاب العزيز.</subfield>
	</datafield>
	<datafield ind1=" " ind2=" " tag="880">
		<subfield code="6">500-05/(3/r</subfield>
		<subfield code="a">برخصة نظارة المعارف الجليلة نومرو 506/873 وتاريخ 10 شعبان سنة 1322 و6 تشرين اول سنة 1320.</subfield>
	</datafield>
	<datafield ind1=" " ind2=" " tag="959">
		<subfield code="a">NNU</subfield>
		<subfield code="b">WEB</subfield>
		<subfield code="c">GENI</subfield>
		<subfield code="t">0</subfield>
		<subfield code="m">Electronic access</subfield>
		<subfield code="s">01</subfield>
	</datafield>
	<datafield ind1=" " ind2=" " tag="999">
		<subfield code="i">UaCaAUL_b11479486</subfield>
		<subfield code="o">(OCoLC)ocm26842828</subfield>
		<subfield code="s">auc_aco000148</subfield>
	</datafield>
</record>
